@misc{EUROCONTROL2009,
	author = "EUROCONTROL",
	year = "2009",
	url = "http://www.eurocontrol.int/corporate/public/subsite_homepage/index.html",
	urldate = "2017-04-20"}

@Article{NBR12859,
	journal="NBR 12859",
	author="ABNT",
	title="Avalia{\c c}{\~a}o do impacto sonoro gerado por opera{\c c}{\~o}es aeron{\'a}uticas",
	pages="1-2",
	month = may,
	year="1993"}

@book{OMS2011,
	author = {World Health Organization. Regional Office for Europe},
	title = {Burden of disease from environmental noise: quantification of healthy life years lost in Europe},
	year = {2011},
	pages = {xvii, 106 p.},
	publisher = {World Health Organization. Regional Office for Europe},
	type = {Publications}
}

@InProceedings{ROCHA2008,
	author = {Renata de Brito Rocha, Jules Ghislain Slama},
	title = {Adequa{\c c}\~ao do zoneamento urbano ao zoneamento sonoro dos aeroportos},
	pages = {629-640},
	year = {2008},
	volume = {512},
	address = {Rio de Janeiro},
	organization = {VII Simp{\'o}sio de Transporte A{\'e}reo}}

@book{GRANDJEAN1998,
	title={Manual de ergonomia: adaptando o trabalho ao homem},
	author={Grandjean, E.},
	isbn={9788573073539},
	url={https://books.google.com.br/books?id=x\_02AAAACAAJ},
	year={1998},
	publisher={Bookman}}

@MastersThesis{BAYER2009,
	author = {M{\'a}rcia Sotto Maior Bayer},
	title = {Espa{\c c}o Urbano, Aeroporto e Legisla{\c c\~a}o Aeron{\'a}utica: o caso de S{\~a}o Jos{\'e} dos Campos-SP},
	type = {Disserta{\c c\~a}o de Mestrado},
	school = {Universidade do Vale do Para{\'i}ba},
	year = {2009},
	address = {S{\~a}o Paulo},
	pages = {151}}

@PhdThesis{SILVA2016,
	author = {Bruno Arantes Caldeira da Silva},
	title = {Development of a Methodology for Evaluation and Communication of Aircraft Noise Impacts Around Airports},
	type = {Doutorado em Pesquisa Operacional e Transporte Aereo},
	school = {Instituto Tecnol{\'o}gico de Aeron{\'a}utica ITA},
	year = {2016},
	address = {S{\~a}o Jos{\'e} dos Campos-SP},
	pages = {135}}

@TechReport{WYLE2011,
	author = {Kenneth Plotkin and Ben Sharp and Tom Connor and Royce Bassarab and Jawad Rachami and Ian Flindell and Dirk Schreckenberg},
	title = {Updating and Supplementing the Day-Night Average Sound Level (DNL)},
	type = {Wyle Report 11-04 DOT-FAA-AEE-2011-03},
	institution = {The Volpe National Transportation Systems Center, Wyle Environmental and Energy Research Consulting (EERC)},
	year = {2011},
	month = {jun.}}

@manual{who2018,
    title={Environmental Noise Guidelines for the European Region},
    author={{World Health Organization}{ - WHO}},
    journal={WHO Regional Office for Europe},
    pages={t1},
    year={2018}}

@techreport{ficon1992,
    author = {{Federal Interagency Committee on Noise}{ - FICON}},
    title  = {Federal Agency Review of Selected Airport Noise Analysis Issues},
    institution = {U.S. Department of Defense},
    year   = {1992},
    address= {Washington, DC}}

@misc{infraero,
    author = {{Empresa Brasileira de Infraestrutura Aeroportuária}{ - Infraero}},
    title = {Aeroporto de Vitória - Eurico de Aguiar Salles},
    url ={https://www4.infraero.gov.br/aeroportos/aeroporto-de-vitoria-eurico-de-aguiar-salles/},
    year= {2019},
    note = {Acessado em maio/2019}}

@techreport{anac_sbfz,
    author = {{Ag{\^e}ncia Nacional de Avia{\c c\~a}o Civil}{ - ANAC}},
    title = {Ruído aeronáutico na cidade de Fortaleza decorrente das operações no Aeroporto Internacional Pinto Martins - SBVT. Relatório Técnico},
    institution = {ANAC},
    year   = {2012},
    address= {Rio de Janeiro, RJ},
    url ={https://www.anac.gov.br/assuntos/paginas-tematicas/meio-ambiente/estudos-artigos-e-publicacoes/ruido-aeronautico-na-cidade-de-fortaleza-decorrente-das-operacoes-no-aeroporto-pinto-matins-sbfz},
    note = {Acessado em abr/2019}}

@misc{redemet,
    title = {Temperatura de Referência do Aeroporto de Goiabeiras},
    Author = {{Rede {de} Meteorologia {do} Comando da Aeronáutica}{ - REDEMET}},
    url = {https://www.redemet.aer.mil.br/produtos/produtos-climatologicos/sbvt/temperatura_de_referencia.htm},
    note = {Acessado em set/2019}}
    
@misc{googleearth,
    title = "Aeroporto Internacional de Vitória - ES",
    author = {{Google Earth}},
    url = "http://earth.google.com/",
    year = "2019",
    Note = "Acessado em jun/2019"}
    
@Article{Lei10625,
        journal="Diário Oficial do Município de Curitiba",
        month="",
        year="2002",
        author="Curitiba",
        title="Lei Municipal Nº 10.625",
        note="Publicado em 19 de dezembro de 2002."}

@Article{Lei12789,
        journal="Diário Oficial do Estado de Pernambuco",
        author="Pernambuco",
        title="Lei Estadual Nº 12.789",
        month ="",
        year="2005",
        note="Publicado em 28 de abril de 2005."}

@Article{Lei16289,
        journal="Diário Oficial do Município do Recife",
        author="Recife",
        title="Lei Municipal Nº 16.289/1997",
        pages="",
        month ="",
        year="1997",
        note="Publicado em 29 de janeiro de 1997."}

@Article{Lei16499,
        journal="Diário Oficial do Município de São Paulo",
        author="{São Paulo}",
        title="Lei Municipal Nº 16.499",
        pages="",
        month ="",
        year="2016",
        note="Publicado em 20 de julho de 2016."}
    
    @Article{Lei11804,
    	journal="Diário Oficial do Município de São Paulo",
    	author="{São Paulo}",
    	title="Lei Municipal Nº 11.804",
    	pages="",
    	month ="",
    	year="1995",
    	note="Publicado em 19 de junho de 1995."}
     
% book{atalho,
%author    = {Autor},
% title     = {Nome do livro},
% publisher = {Editora},
% year      = {ano},
% volume    = {volume},
% series    = {serie},
% address   = {Endereço},
% edition   = {edição},
% month     = {mês},
% note      = {Anotação},
% isbn      = {ISBN}  }